/home/edd/annex/projects/research/general/refs/refs.bib