/home/edd/research/general/refs/refs.bib