/home/edd/projects/research/general/refs/refs.bib