# Networks
## Proxies
@inproceedings{mi2019resident,
  title={Resident evil: Understanding residential IP proxy as a dark service},
  author={Mi, Xianghang and Feng, Xuan and Liao, Xiaojing and Liu, Baojun and Wang, XiaoFeng and Qian, Feng and Li, Zhou and Alrwais, Sumayah and Sun, Limin and Liu, Ying},
  booktitle={2019 IEEE symposium on security and privacy (SP)},
  pages={1185--1201},
  year={2019},
  organization={IEEE}
}
Discussed at Cyber Alp Retreat 2022 
    /home/edd/docs/university/dphil/1st_year/cyber_alp_retreat/notes.txt

## Wireless protocols
@inproceedings{schepers2022robustness,
  title={On the Robustness of Wi-Fi Deauthentication Countermeasures},
  author={Schepers, Domien and Ranganathan, Aanjhan and Vanhoef, Mathy},
  booktitle={Proceedings of the 15th ACM Conference on Security and Privacy in Wireless and Mobile Networks},
  pages={245--256},
  year={2022}
}
wifi deuath still possible even with protected management frames

## DDOS
@inproceedings{rasti2015temporal,
  title={Temporal lensing and its application in pulsing denial-of-service attacks},
  author={Rasti, Ryan and Murthy, Mukul and Weaver, Nicholas and Paxson, Vern},
  booktitle={2015 IEEE Symposium on Security and Privacy},
  pages={187--198},
  year={2015},
  organization={IEEE},
  url={http://icir.org/vern/papers/lensing.oak15.pdf}
}
Using multipath routing to make packets arrive bunched up at the destination

# Radio
## Overshadowing/interference

@inproceedings{kotuliak2022ltrack,
  title={LTrack: Stealthy Tracking of Mobile Phones in LTE},
  author={Kotuliak, Martin and Erni, Simon and Leu, Patrick and Roeschlin, Marc and Capkun, Srdjan},
  booktitle={31st USENIX Security Symposium (USENIX 2022)},
  year={2022},
  url={https://arxiv.org/pdf/2106.05007.pdf}
}

@article{erni2021adaptover,
  title={AdaptOver: Adaptive Overshadowing of LTE signals},
  author={Erni, Simon and Leu, Patrick and Kotuliak, Martin and R{\"o}schlin, Marc and {\v{C}}apkun, Srdjan},
  journal={arXiv preprint arXiv:2106.05039},
  year={2021},
  url={https://arxiv.org/abs/2106.05039}
}

@article{gummadi2007understanding,
  title={Understanding and mitigating the impact of RF interference on 802.11 networks},
  author={Gummadi, Ramakrishna and Wetherall, David and Greenstein, Ben and Seshan, Srinivasan},
  journal={ACM SIGCOMM Computer Communication Review},
  volume={37},
  number={4},
  pages={385--396},
  year={2007},
  publisher={ACM New York, NY, USA},
  url={https://www.researchgate.net/profile/Srinivasan-Seshan-2/publication/221164313_Understanding_and_mitigating_the_impact_of_RF_interference_on_80211_networks/links/0912f51396b4b45ac2000000/Understanding-and-mitigating-the-impact-of-RF-interference-on-80211-networks.pdf}
}

@inproceedings{yang2019hiding,
  title={Hiding in plain signal: Physical signal overshadowing attack on $\{$LTE$\}$},
  author={Yang, Hojoon and Bae, Sangwook and Son, Mincheol and Kim, Hongil and Kim, Song Min and Kim, Yongdae},
  booktitle={28th USENIX Security Symposium (USENIX Security 19)},
  pages={55--72},
  year={2019}
}

@article{sathayeWireless2019,
  title = {Wireless {{Attacks}} on {{Aircraft Instrument Landing Systems}}},
  author = {Sathaye, Harshad and Schepers, Domien and Ranganathan, Aanjhan and Noubir, Guevara},
  year = {2019},
  journal = {28th USENIX Security Symposium (USENIX Security 19)},
  pages = {357--372},
}

@inproceedings{tippenhauer2011requirements,
  title={On the requirements for successful GPS spoofing attacks},
  author={Tippenhauer, Nils Ole and P{\"o}pper, Christina and Rasmussen, Kasper Bonne and Capkun, Srdjan},
  booktitle={Proceedings of the 18th ACM conference on Computer and communications security},
  pages={75--86},
  year={2011}
}

## Cancellation/annihilation
@inproceedings{moser2019digital,
  title={Digital radio signal cancellation attacks: an experimental evaluation},
  author={Moser, Daniel and Lenders, Vincent and Capkun, Srdjan},
  booktitle={Proceedings of the 12th conference on security and privacy in wireless and mobile networks},
  pages={23--33},
  year={2019},
  url={http://lenders.ch/publications/conferences/wisec19_1.pdf}
}

@inproceedings{popper2011investigation,
  title={Investigation of signal and message manipulations on the wireless channel},
  author={P{\"o}pper, Christina and Tippenhauer, Nils Ole and Danev, Boris and Capkun, Srdjan},
  booktitle={European Symposium on Research in Computer Security},
  pages={40--59},
  year={2011},
  organization={Springer},
  url={https://ethz.ch/content/dam/ethz/special-interest/infk/inst-infsec/system-security-group-dam/research/publications/pub2011/ESORICS2011.pdf}
}

# Satellites and space
## Overviews
@article{manulis2021cyber,
  title={Cyber security in new space},
  author={Manulis, Mark and Bridges, Chris P and Harrison, Richard and Sekar, Venkkatesh and Davis, Andy},
  journal={International Journal of Information Security},
  volume={20},
  number={3},
  pages={287--311},
  year={2021},
  publisher={Springer}
}

@article{tedeschi2022satellite,
  title={Satellite-based communications security: a survey of threats, solutions, and research challenges},
  author={Tedeschi, Pietro and Sciancalepore, Savio and Di Pietro, Roberto},
  journal={Computer Networks},
  pages={109246},
  year={2022},
  publisher={Elsevier}
}

@article{350x1g3,
  title = {Security Threats against Space Missions},
  author = {{CCSDS}},
  year = {2022},
  langid = {english},
}

## Protocols
@online{ccsdsOverview,
  organization={CCSDS},
  title={CCSDS Report: Overview of Space Communications Protocols},
  url={https://public.ccsds.org/Pubs/130x0g3.pdf},
  urldate={2022-05-09},
  year=2014,
  month=07,
}

## Countermeasures
@inproceedings{jedermann2021orbit,
  title={Orbit-based authentication using TDOA signatures in satellite networks},
  author={Jedermann, Eric and Strohmeier, Martin and Sch{\"a}fer, Matthias and Schmitt, Jens and Lenders, Vincent},
  booktitle={Proceedings of the 14th ACM Conference on Security and Privacy in Wireless and Mobile Networks},
  pages={175--180},
  year={2021}
}
Triangulating satellites to verify signal source legitimacy against known positions

@article{oligeri2020past,
  title={{PAST-AI}: Physical-layer Authentication of Satellite Transmitters via Deep Learning},
  author={Oligeri, Gabriele and Raponi, Simone and Sciancalepore, Savio and Di Pietro, Roberto},
  journal={arXiv preprint arXiv:2010.05470},
  year={2020}
}
Deep learning approach to inferprinting the satellite physical layer

## Satellite attacks

@online{space-attacks-open-database,
  title={Space Attacks Open Database},
  url={https://www.spacesecurity.info/en/space-attacks-open-database/},
  urldate={2022-06-21},
  year={2021}
}

@online{globalstar-hack,
  title={This \$1,000 Device Lets Hackers Hijack Satellite Communications},
  url={https://www.vice.com/en/article/xywjpa/this-1000-device-lets-hackers-hijack-satellite-communications},
  urldate={2022-08-31}
}

@online{register-us-hack,
  title={Hackers commandeer US government satellites},
  url={https://www.theregister.com/2011/10/28/us_government_satellites_hacked/},
  urldate={2022-09-01}
}




@misc{2204.11641,
  doi = {10.48550/ARXIV.2204.11641},
  url = {https://arxiv.org/abs/2204.11641},
  author = {Motallebighomi, Maryam and Sathaye, Harshad and Singh, Mridula and Ranganathan, Aanjhan},
  keywords = {Cryptography and Security (cs.CR), FOS: Computer and information sciences, FOS: Computer and information sciences},
  title = {Cryptography Is Not Enough: Relay Attacks on Authenticated GNSS Signals},
  publisher = {arXiv},
  year = {2022},
  copyright = {arXiv.org perpetual, non-exclusive license}
}
GPS is broken even with crypto


@inproceedings{atc21-giuliari,
author = {Giacomo Giuliari and Tommaso Ciussani and Adrian Perrig and Ankit Singla},
title = {{ICARUS}: Attacking low Earth orbit satellite networks},
booktitle = {2021 USENIX Annual Technical Conference (USENIX ATC 21)},
year = {2021},
isbn = {978-1-939133-23-6},
pages = {317--331},
url = {https://www.usenix.org/conference/atc21/presentation/giuliari},
publisher = {USENIX Association},
month = jul,
}
Denial of service by link saturation in satellite networks

@online{lrit-key-dec,
  title={{COMS-1 LRIT} Key Decryption},
  author={sam210723},
  year={2018},
  url={https://vksdr.com/lrit-key-dec},
  urldate={2022-05-09}
}
Korean satellite had its key reversed from single DES

@online{xrit-rx,
  title={Receiving Images from Geostationary Weather Satellite {GEO-KOMPSAT-2A}},
  author={sam210723},
  year={2020},
  url={https://vksdr.com/xrit-rx},
  urldate={2022-05-09}
}
Image decryption by leaked key

@online{satcomAnalysis,
  organization={{REVERSEMODE}},
  url={https://www.reversemode.com/2022/03/satcom-terminals-under-attack-in-europe.html},
  title={{SATCOM} terminals under attack in Europe: a plausible analysis.},
  urldate={2022-05-12}
}
An analysis of the SATCOM hack during the Ukraine war


@online{satcom_security_last_call,
  organization={IOActive},
  author={Reuben Santamarta},
  url={https://ioactive.com/wp-content/uploads/2018/08/us-18-Santamarta-Last-Call-For-Satcom-Security-wp.pdf},
  title={Last Call for SATCOM Security},
  urldate={2022-09-02},
  year={2018},
  month={08}
}

@online{satcom_security_wake_up_call,
  organization={IOActive},
  author={Reuben Santamarta},
  url={https://ioactive.com/pdfs/IOActive_SATCOM_Security_WhitePaper.pdf},
  title={A Wake-up Call for SATCOM Security},
  urldate={2022-09-02},
  year={2014}
}

## Systems

@online{sentinel-1,
  organization={ESA},
  url={https://www.eoportal.org/satellite-missions/copernicus-sentinel-1},
  title={Copernicus: Sentinel-1},
  urldate={2022-09-02},
  year={2012},
  month={06},
  day={14}
}
EU Sentinel-1 only optionally encrypted

## Orbital parameter estimation

@inproceedings{peterson2001covariance,
  title={Covariance generation for space objects using public data},
  author={Peterson, Glenn E and Gist, Robert G and Oltrogge, Daniel L},
  booktitle={Proceedings of the 11 th Annual AAS/AIAA Space Flight Mechanics Meeting, Santa Barbara, CA},
  pages={201--214},
  year={2001}
}
Determine how accurately orbits can be predicted using TLEs

## Security measures

@online{space-force-requirements,
  organization={{Air Force Magazine}},
  url={https://www.airforcemag.com/space-force-finally-rolls-out-cyber-standards-for-commercial-satcom-providers/},
  title={Space Force Finally Rolls Out Cyber Standards for Commercial SATCOM Providers},
  year={2022},
  month={05},
  day={31},
  urldate={2022-09-01}
}

@online{viasat_hack_news,
  organization={{Air Force Magazine}},
  url={https://www.airforcemag.com/hackers-attacked-satellite-terminals-through-management-network-viasat-officials-say/},
  title={Hackers Attacked Satellite Terminals Through Management Network, Viasat Officials Say},
  year={2022},
  month={03},
  day={24},
  urldate={2022-09-01}
}



## NASA satellites
### Attacks

@inproceedings{pavur2020tale,
  title={A tale of sea and sky on the security of maritime VSAT communications},
  author={Pavur, James and Moser, Daniel and Strohmeier, Martin and Lenders, Vincent and Martinovic, Ivan},
  booktitle={2020 IEEE Symposium on Security and Privacy (SP)},
  pages={1384--1400},
  year={2020},
  organization={IEEE}
}

@online{hacker-movie-broadcast,
  organization={{Vice}},
  url={https://www.vice.com/en/article/y3pwqx/hackers-took-over-a-commercial-satellite-to-broadcast-hacker-movies},
  title={Hackers Took Over a Commercial Satellite to Broadcast Hacker Movies},
  year={2022},
  month={08},
  day={15},
  urldate={2022-09-01}
}
TV satellite hack

@online{2011ChinaCongressReport,
  organization={{U.S.-China Economic and Security Review Commission}},
  url={https://www.uscc.gov/sites/default/files/annual_reports/annual_report_full_11.pdf},
  title={2011 REPORT TO CONGRESS of the U.S.-CHINA ECONOMIC AND SECURITY REVIEW COMMISSION},
  year={2011},
  pages={223--224},
  urldate={2022-05-30}
}



@online{kalina,
  organization={The Space Review},
  url={https://www.thespacereview.com/article/4416/1},
  title={Kalina: a Russian ground-based laser to dazzle imaging satellites},
  year={2022},
  month={07},
  day={05},
  urldate={2022-09-02}
}

### TDRSS
@techreport{topp1988use,
  title={Use of the Tracking and Data Relay Satellite System (TDRSS) with Low Earth Orbiting (LEO) Satellites: A Decision Guide},
  author={Topp, Allan R},
  year={1988},
  institution={NAVAL POSTGRADUATE SCHOOL MONTEREY CA}
}

### ICESat Interface Control Documents
ices-401-icd-001b.pdf  ices-450-ctr-001.pdf  ices-452-icd-001.pdf

## NASA systems
### FIRMS
@online{nasaFirms,
  title = {{Fire Information for Resource Management System (FIRMS)}},
  author = {NASA},
  year = {2022},
  url = {https://earthdata.nasa.gov/earth-observation-data/near-real-time/firms},
  urldate = {2022-05-03}
}

@online{firmsUsage,
  organization={{NASA EarthData}},
  url={https://earthdata.nasa.gov/learn/articles/usfs-firms-us-canada},
  title={{NASA, Forest Service Partnership Expands Active Fire Mapping Capabilities}},
  urldate={2022-05-13},
  year={2021},
  month={10}
}
Summarise the usage of FIRMS, delivered to users in more than 160 countries

@online{firms-faq,
  title = {{FIRMS Frequently Asked Questions}},
  author = {NASA},
  year = {2022},
  url = {{https://www.earthdata.nasa.gov/faq/firms-faq}},
  urldate = {2023-01-07}
}


## Other uses
@article{separatistLuminosity,
author = {Artem Kochnev},
year = {2018},
month = {05},
pages = {6-12},
title = {Exploring the separatist-controlled areas of Ukraine from outer space}
}
Analysis of conflict areas with Terra/Aqua

@online{nasaDirect,
  title = {X-Band Direct Readout Sites Worldwide},
  author = {NASA},
  year = {2022},
  url = {https://directreadout.sci.gsfc.nasa.gov/?id=dspContent\&cid=78},
  urldate = {2022-05-10}
}

# Unsorted
@article{rawlins2022death,
  title={Death By A Thousand COTS: Disrupting Satellite Communications using Low Earth Orbit Constellations},
  author={Rawlins, Frederick and Baker, Richard and Martinovic, Ivan},
  journal={arXiv preprint arXiv:2204.13514},
  year={2022}
}

@online{starlink_internet_dish_hack,
  organization={Wired},
  title={The Hacking of Starlink Terminals has Begun},
  url={https://www.wired.com/story/starlink-internet-dish-hack/},
  urldate={2022-09-07},
  year=2022,
  month=08,
  day=10
}

@online{globalstar_apple_report,
    organization={UNITED STATES SECURITIES AND EXCHANGE COMMISSION},
    title={Form 8-K regarding Apple and GlobalStar collaboration},
    url={https://sec.report/Document/0001366868-22-000059/},
    urldate={2022-09-09},
    year=2022,
    month=09,
    day=07
}

@online{space_system_threats,
    url={https://aerospace.csis.org/wp-content/uploads/2018/09/Space-System-Threats.pdf},
    title={Space System Threats},
    author={Garino, Maj Brian and Gibson, Maj Jane},
    year={2009}
}

@online{sdr_vulnerabilities,
    author={Hitefield, S},
    title={Exploiting Vulnerabilities in Software Radios},
    url={https://www.youtube.com/watch?v=bN4IN4EGhDg}
}
# TODO: fix

@article{kon2022stargaze,
  title={Stargaze: A LEO Constellation Emulator for Security Experimentation},
  author={Kon, Patrick Tser Jern and Barradas, Diogo and Chen, Ang},
  year={2022}
}
% NB: currently unpublished


@inproceedings{mccomas2012nasa,
  title={NASA/GSFC's Flight Software Core Flight System},
  author={McComas, David},
  booktitle={Flight Software WorkshopFlight Workshop},
  number={GSFC. CPR. 7525.2013},
  year={2012}
}




@online{OPS_SAT,
  organization={ESA},
  title={OPS-SAT},
  url={https://www.esa.int/Enabling_Support/Operations/OPS-SAT},
  urldate={2022-09-19}
}

@article{saeed2020cubesat,
  title={Cubesat communications: Recent advances and future challenges},
  author={Saeed, Nasir and Elzanaty, Ahmed and Almorad, Heba and Dahrouj, Hayssam and Al-Naffouri, Tareq Y and Alouini, Mohamed-Slim},
  journal={IEEE Communications Surveys \& Tutorials},
  volume={22},
  number={3},
  pages={1839--1862},
  year={2020},
  publisher={IEEE}
}

@online{cubesat_space_protocol,
    title={{Cubesat Space Protocol}},
    url={http://www.libcsp.org/},
    urldate={2022-09-21},
    year={2011}
}


@online{satellite_prediction,
    title={{The number of satellites orbiting Earth could quintuple in the next decade}},
    author={Ryan-Mosley, Tate and Winick, Eric and Kakaes, Konstantin},
    organization={{MIT}},
    url={https://www.technologyreview.com/2019/06/26/755/satellite-constellations-orbiting-earth-quintuple/},
    urldate={2022-09-21},
    year={2019},
    month={06},
    day={26}
}

@article{kohler2022brokenwire,
  title={BROKENWIRE: Wireless Disruption of CCS Electric Vehicle Charging},
  author={K{\"o}hler, Sebastian and Baker, Richard and Strohmeier, Martin and Martinovic, Ivan},
  journal={arXiv preprint arXiv:2202.02104},
  year={2022}
}

@online{max_headroom_broadcast,
    title={{The Mystery of the Creepiest Television Hack}},
    author={Knittel, Chris},
    organization={{Vice}},
    url={https://www.vice.com/en/article/pgay3n/headroom-hacker},
    urldate={2022-09-21},
    year={2013},
    month={11},
    day={25}
}

@article{rosat,
    title={{Russian Domain Attacks Against NASA Network Systems.}},
    author={Talleur, Thomas J.},
    organization={{NASA}},
    year={1999},
    month={01},
    day={18}
}

@inproceedings{foruhandeh2020spotr,
  title={Spotr: Gps spoofing detection via device fingerprinting},
  author={Foruhandeh, Mahsa and Mohammed, Abdullah Z and Kildow, Gregor and Berges, Paul and Gerdes, Ryan},
  booktitle={Proceedings of the 13th ACM Conference on Security and Privacy in Wireless and Mobile Networks},
  pages={242--253},
  year={2020}
}

@article{counterspace_operations,
    title={Counterspace Operations for Information Dominance},
    author={Lee, James G.},
    organization={U.S. Government Report},
    url={https://citeseer.ist.psu.edu/viewdoc/download?doi=10.1.1.182.7291&rep=rep1&type=pdf}
}

@manual{space_ground_aqua,
  organization={NASA GSFC},
  title={EOS PM-1 SPACECRAFT TO EOS GROUND SYSTEM INTERFACE CONTROL DOCUMENT},
  year=2002,
  month=03,
  url={https://directreadout.sci.gsfc.nasa.gov/links/rsd_eosdb/PDF/ICD_Space_Ground_Aqua.pdf},
  urldate={2022-05-13}
}

@inproceedings{schafer2013experimental,
  title={Experimental analysis of attacks on next generation air traffic communication},
  author={Sch{\"a}fer, Matthias and Lenders, Vincent and Martinovic, Ivan},
  booktitle={International Conference on Applied Cryptography and Network Security},
  pages={253--271},
  year={2013},
  organization={Springer}
}

@online{apple_emergency_sos,
    title={{Emergency SOS via satellite on iPhone 14 and iPhone 14 Pro lineups made possible by $450 million Apple investment in US infrastructure}},
    url={https://www.apple.com/newsroom/2022/11/emergency-sos-via-satellite-made-possible-by-450m-apple-investment/},
    urldate={2022-11-21},
    year={2022},
    month={11},
    day={10}
}

@online{esa_satellite_bands,
    title={Satellite frequency bands},
    url={https://www.esa.int/Applications/Telecommunications_Integrated_Applications/Satellite_frequency_bands},
    urldate={2022-11-22}
}

@online{satellite_apt,
    title={Satellite Turla: APT Command and Control in the Sky},
    organization={Securelist},
    author={Tanase, Stefan},
    url={https://securelist.com/satellite-turla-apt-command-and-control-in-the-sky/72081/},
    urldate={2022-11-25},
    year={2015},
    month={09},
    day={09}
}

@article{adelsbach2005satellite,
  title={Satellite communication without privacy--attacker's paradise},
  author={Adelsbach, Andr{\'e} and Greveler, Ulrich},
  journal={Sicherheit 2005, Sicherheit--Schutz und Zuverl{\"a}ssigkeit},
  year={2005},
  publisher={Gesellschaft f{\"u}r Informatik eV}
}

@inproceedings{borio2016gnss,
  title={Gnss receiver fingerprinting for security-enhanced applications},
  author={Borio, Daniele and Gioia, Ciro and Baldini, Gianmarco and Fortuny, Joaquin},
  booktitle={Proceedings of the 29th International Technical Meeting of the Satellite Division of The Institute of Navigation (ION GNSS+ 2016)},
  pages={2960--2970},
  year={2016}
}

@article{qiu2022robust,
  title={Robust satellite antenna fingerprinting under degradation using recurrent neural network},
  author={Qiu, Song and Sava, Kalliopi and Guo, Weisi},
  journal={Modern Physics Letters B},
  volume={36},
  number={12},
  pages={2250043},
  year={2022},
  publisher={World Scientific}
}

@online{gps-sdr-sim,
    title={GPS-SDR-SIM},
    author={osqzss},
    url={https://github.com/osqzss/gps-sdr-sim},
    urldate={2022-11-29},
    year={2018}
}

# Information-theoretic garbage schemes

@article{xu2019self,
  title={Self-Interference cancellation scheme for secure AF satellite communication based on FH-MWFRFT},
  author={Xu, Ruiyang and Da, Xinyu and Hu, Hang and Ni, Lei and Pan, Yu},
  journal={IEEE Communications Letters},
  volume={23},
  number={11},
  pages={2050--2053},
  year={2019},
  publisher={IEEE}
}

@article{an2016secure,
  title={Secure transmission in cognitive satellite terrestrial networks},
  author={An, Kang and Lin, Min and Ouyang, Jian and Zhu, Wei-Ping},
  journal={IEEE Journal on Selected Areas in Communications},
  volume={34},
  number={11},
  pages={3025--3037},
  year={2016},
  publisher={IEEE}
}

Justified by: Integration of satellite and terrestrial systems in future multimedia communications

GSM band - satellite to cellular tower stuff

@article{kurzrok2018evaluating,
  title={Evaluating the risk posed by propulsive small satellites with unencrypted communications channels to high-value orbital regimes},
  author={Kurzrok, Andrew and Ramos, Manuel Diaz and Mechentel, Flora},
  year={2018}
}

@inproceedings{pavur2019secrets,
  title={Secrets in the sky: on privacy and infrastructure security in dvb-s satellite broadband},
  author={Pavur, James and Moser, Daniel and Lenders, Vincent and Martinovic, Ivan},
  booktitle={Proceedings of the 12th Conference on Security and Privacy in Wireless and Mobile Networks},
  pages={277--284},
  year={2019}
}
